<record><leader>00000cas a22000007a 4500</leader><controlfield tag="001">17894505</controlfield><controlfield tag="008">880504d19731985ohudn ne      0    0eng d</controlfield><datafield ind1=" " ind2=" " tag="010"><subfield code="a">sn 88077459 </subfield></datafield><datafield ind1=" " ind2=" " tag="040"><subfield code="a">ONP</subfield><subfield code="b">eng</subfield><subfield code="c">ONP</subfield><subfield code="d">OCL</subfield><subfield code="d">ONP</subfield><subfield code="d">OCLCQ</subfield><subfield code="d">OCLCF</subfield><subfield code="d">OCLCO</subfield></datafield><datafield ind1=" " ind2=" " tag="042"><subfield code="a">msc</subfield></datafield><datafield ind1=" " ind2=" " tag="043"><subfield code="a">n-us-oh</subfield></datafield><datafield ind1="0" ind2="0" tag="245"><subfield code="a">Hillsboro press gazette.</subfield></datafield><datafield ind1=" " ind2=" " tag="260"><subfield code="a">Hillsboro, Ohio :</subfield><subfield code="b">Hillsboro Pub. Co.,</subfield><subfield code="c">1973-1985.</subfield></datafield><datafield ind1=" " ind2=" " tag="300"><subfield code="a">v.</subfield></datafield><datafield ind1=" " ind2=" " tag="310"><subfield code="a">Daily (except Sat. &amp; Sun.),</subfield><subfield code="b">&lt;1974&gt;-Feb. 1, 1985</subfield></datafield><datafield ind1=" " ind2=" " tag="321"><subfield code="a">Semiweekly,</subfield><subfield code="b">Oct. 12, 1973-&lt;1974&gt;</subfield></datafield><datafield ind1="0" ind2=" " tag="362"><subfield code="a">Vol. 1, no. 10 (Oct. 12, 1973)-v. 12, no. 87 (Feb. 1, 1985).</subfield></datafield><datafield ind1=" " ind2="0" tag="651"><subfield code="a">Hillsboro (Ohio)</subfield><subfield code="v">Newspapers.</subfield></datafield><datafield ind1=" " ind2="0" tag="651"><subfield code="a">Highland County (Ohio)</subfield><subfield code="v">Newspapers.</subfield></datafield><datafield ind1=" " ind2="7" tag="655"><subfield code="a">Newspapers.</subfield><subfield code="2">fast</subfield><subfield code="0">(OCoLC)fst01423814</subfield></datafield><datafield ind1=" " ind2="7" tag="651"><subfield code="a">Ohio</subfield><subfield code="z">Highland County.</subfield><subfield code="2">fast</subfield><subfield code="0">(OCoLC)fst01215687</subfield></datafield><datafield ind1=" " ind2="7" tag="651"><subfield code="a">Ohio</subfield><subfield code="z">Hillsboro.</subfield><subfield code="2">fast</subfield><subfield code="0">(OCoLC)fst01232642</subfield></datafield><datafield ind1=" " ind2=" " tag="752"><subfield code="a">United States</subfield><subfield code="b">Ohio</subfield><subfield code="c">Highland</subfield><subfield code="d">Hillsboro.</subfield></datafield><datafield ind1="0" ind2="4" tag="780"><subfield code="t">Press-gazette (Hillsboro, Ohio : 1928)</subfield><subfield code="w">(DLC)sn 85000860</subfield><subfield code="w">(OCoLC)11799075</subfield></datafield><datafield ind1="0" ind2="4" tag="780"><subfield code="t">News-Herald (Hillsboro, Ohio)</subfield><subfield code="w">(DLC)sn 85038161</subfield><subfield code="w">(OCoLC)11839477</subfield></datafield><datafield ind1="0" ind2="0" tag="785"><subfield code="t">Press gazette (Hillsboro, Ohio : 1985)</subfield><subfield code="w">(DLC)sn 88077460</subfield><subfield code="w">(OCoLC)17894511</subfield></datafield></record>